<record><leader>00000cas a2200000 a 4500</leader><controlfield tag="001">261340065</controlfield><controlfield tag="008">081009c20089999mtuwr ne      0    0eng c</controlfield><datafield ind1=" " ind2=" " tag="010"><subfield code="a">  2008263557</subfield></datafield><datafield ind1=" " ind2=" " tag="040"><subfield code="a">MZF</subfield><subfield code="b">eng</subfield><subfield code="c">MZF</subfield><subfield code="d">CUV</subfield><subfield code="d">TXA</subfield><subfield code="d">MTG</subfield><subfield code="d">OCLCQ</subfield><subfield code="d">OCLCF</subfield><subfield code="d">OCLCO</subfield></datafield><datafield ind1=" " ind2=" " tag="037"><subfield code="b">Western Livestock Reporter, Inc., Publications, 18th &amp; Minnesota, Billings, MT 59101</subfield></datafield><datafield ind1=" " ind2=" " tag="042"><subfield code="a">pcc</subfield></datafield><datafield ind1=" " ind2=" " tag="043"><subfield code="a">n-usp--</subfield></datafield><datafield ind1="1" ind2="4" tag="050"><subfield code="a">SF51</subfield><subfield code="b">.W415</subfield></datafield><datafield ind1="0" ind2="0" tag="245"><subfield code="a">Western ag reporter.</subfield></datafield><datafield ind1=" " ind2=" " tag="260"><subfield code="a">Billings, Mont. :</subfield><subfield code="b">Western Livestock Reporter, Inc.</subfield></datafield><datafield ind1=" " ind2=" " tag="300"><subfield code="a">v. :</subfield><subfield code="b">ill. ;</subfield><subfield code="c">44 cm.</subfield></datafield><datafield ind1=" " ind2=" " tag="310"><subfield code="a">Weekly</subfield></datafield><datafield ind1="1" ind2=" " tag="362"><subfield code="a">Began with: Vol. 1, no. 1 (Oct. 2, 2008).</subfield></datafield><datafield ind1=" " ind2=" " tag="580"><subfield code="a">Formed by the merger of: Agri-news and: Western livestock reporter.</subfield></datafield><datafield ind1=" " ind2=" " tag="588"><subfield code="a">Description based on: Vol. 1, no. 2 (Oct. 9, 2008); title from caption.</subfield></datafield><datafield ind1=" " ind2=" " tag="588"><subfield code="a">Latest issue consulted: Vol. 1, no. 7 (Nov. 13, 2008).</subfield></datafield><datafield ind1=" " ind2="0" tag="650"><subfield code="a">Livestock</subfield><subfield code="z">West (U.S.)</subfield><subfield code="v">Newspapers.</subfield></datafield><datafield ind1=" " ind2="0" tag="650"><subfield code="a">Livestock breeders</subfield><subfield code="z">West (U.S.)</subfield><subfield code="v">Newspapers.</subfield></datafield><datafield ind1=" " ind2="0" tag="650"><subfield code="a">Livestock workers</subfield><subfield code="z">West (U.S.)</subfield><subfield code="v">Newspapers.</subfield></datafield><datafield ind1=" " ind2="0" tag="650"><subfield code="a">Agriculture</subfield><subfield code="z">West (U.S.)</subfield><subfield code="v">Newspapers.</subfield></datafield><datafield ind1=" " ind2="0" tag="651"><subfield code="a">Billings (Mont.)</subfield><subfield code="v">Newspapers.</subfield></datafield><datafield ind1=" " ind2="7" tag="655"><subfield code="a">Newspapers.</subfield><subfield code="2">fast</subfield><subfield code="0">(OCoLC)fst01423814</subfield></datafield><datafield ind1=" " ind2="7" tag="650"><subfield code="a">Agriculture.</subfield><subfield code="2">fast</subfield><subfield code="0">(OCoLC)fst00801355</subfield></datafield><datafield ind1=" " ind2="7" tag="650"><subfield code="a">Livestock.</subfield><subfield code="2">fast</subfield><subfield code="0">(OCoLC)fst01000722</subfield></datafield><datafield ind1=" " ind2="7" tag="650"><subfield code="a">Livestock breeders.</subfield><subfield code="2">fast</subfield><subfield code="0">(OCoLC)fst01000875</subfield></datafield><datafield ind1=" " ind2="7" tag="650"><subfield code="a">Livestock workers.</subfield><subfield code="2">fast</subfield><subfield code="0">(OCoLC)fst01000916</subfield></datafield><datafield ind1=" " ind2="7" tag="651"><subfield code="a">Montana</subfield><subfield code="z">Billings.</subfield><subfield code="2">fast</subfield><subfield code="0">(OCoLC)fst01207428</subfield></datafield><datafield ind1=" " ind2="7" tag="651"><subfield code="a">United States, West.</subfield><subfield code="2">fast</subfield><subfield code="0">(OCoLC)fst01243255</subfield></datafield><datafield ind1=" " ind2=" " tag="752"><subfield code="a">United States</subfield><subfield code="b">Montana</subfield><subfield code="c">Yellowstone</subfield><subfield code="d">Billings.</subfield></datafield><datafield ind1="0" ind2=" " tag="770"><subfield code="a">Western ag reporter. Herd reference edition</subfield><subfield code="g">2008-</subfield><subfield code="w">(OCoLC)277156298</subfield></datafield><datafield ind1="1" ind2="4" tag="780"><subfield code="t">Agri-news (Billings, Mont)</subfield><subfield code="x">1098-9579</subfield><subfield code="w">(DLC)sn 86075099</subfield><subfield code="w">(OCoLC)13378459</subfield></datafield><datafield ind1="1" ind2="4" tag="780"><subfield code="t">Western livestock reporter</subfield><subfield code="w">(DLC)sn 86075098</subfield><subfield code="w">(OCoLC)3383695</subfield></datafield><datafield ind1="4" ind2="1" tag="856"><subfield code="u">http://westernagreporter.com/</subfield></datafield></record>